@InProceedings{Koehn2003,
 author = {Koehn, Philipp and Och, Franz Josef and Marcu, Daniel},
 title = {Statistical Phrase-based Translation},
 booktitle = {Proceedings of the 2003 Conference of the North American Chapter of the Association for Computational Linguistics on Human Language Technology - Volume 1},
 series = {NAACL '03},
 year = {2003},
 location = {Edmonton, Canada},
 pages = {48--54},
 numpages = {7},
 url = {http://dx.doi.org/10.3115/1073445.1073462},
 doi = {10.3115/1073445.1073462},
 acmid = {1073462},
 publisher = {Association for Computational Linguistics},
 address = {Stroudsburg, PA, USA},
} 

@book{Koehn2009,
  title={Statistical machine translation},
  author={Koehn, Philipp},
  year={2009},
  publisher={Cambridge University Press}
}

@InProceedings{Zou13,
 author = {Will Y. Zou and Richard Socher and Daniel Cer and Christopher D. Manning},
 booktitle = {Proceedings of the 2013 Conference on Empirical Methods in Natural Language Processing (EMNLP 2013)},
 title = {Bilingual Word Embeddings for Phrase-Based Machine Translation},
 url = {http://ai.stanford.edu/~wzou/emnlp2013_ZouSocherCerManning.pdf},
 year = {2013},
}

@InProceedings{Hermann14,
  author    = {Hermann, Karl Moritz and Blunsom, Phil},
  title     = {{Multilingual Distributed Representations without Word Alignment}},
  booktitle = {Proceedings of ICLR},
  year      = {2014},
  month     = apr,
  url       = {http://arxiv.org/abs/1312.6173},
}

@InProceedings{Klementiev12,
    author    = {Klementiev, Alexandre and Titov, Ivan and Bhattarai, Binod},
    title     = {Inducing Crosslingual Distributed Representations of Words},
    booktitle = {Proceedings of the International Conference on Computational Linguistics (COLING)},
    month     = {December},
    year      = {2012},
    address   = {Bombay, India}
}

@article{Lopez2008,
 author = {Lopez, Adam},
 title = {Statistical Machine Translation},
 journal = {ACM Comput. Surv.},
 issue_date = {August 2008},
 volume = {40},
 number = {3},
 month = aug,
 year = {2008},
 issn = {0360-0300},
 pages = {8:1--8:49},
 articleno = {8},
 numpages = {49},
 url = {http://doi.acm.org/10.1145/1380584.1380586},
 doi = {10.1145/1380584.1380586},
 acmid = {1380586},
 publisher = {ACM},
 address = {New York, NY, USA},
 keywords = {Natural language processing, machine translation},
}

@inproceedings{Och1999,
	title={Improved alignment models for statistical machine translation},
	author={Och, Franz Josef and Tillmann, Christoph and Ney, Hermann and others},
	booktitle={Proc. of the Joint SIGDAT Conf. on Empirical Methods in Natural Language Processing and Very Large Corpora},
	pages={20--28},
	year={1999}
}


@article{Dempster1977,
  title={Maximum likelihood from incomplete data via the EM algorithm},
  author={Dempster, Arthur P and Laird, Nan M and Rubin, Donald B},
  journal={Journal of the royal statistical society. Series B (methodological)},
  pages={1--38},
  year={1977},
  publisher={JSTOR}
}

@inproceedings{Lafferty2001,
 author = {Lafferty, John D. and McCallum, Andrew and Pereira, Fernando C. N.},
 title = {Conditional Random Fields: Probabilistic Models for Segmenting and Labeling Sequence Data},
 booktitle = {Proceedings of the Eighteenth International Conference on Machine Learning},
 series = {ICML '01},
 year = {2001},
 isbn = {1-55860-778-1},
 pages = {282--289},
 numpages = {8},
 url = {http://dl.acm.org/citation.cfm?id=645530.655813},
 acmid = {655813},
 publisher = {Morgan Kaufmann Publishers Inc.},
 address = {San Francisco, CA, USA},
} 

@inproceedings{Blunsom2006,
 author = {Blunsom, Phil and Cohn, Trevor},
 title = {Discriminative Word Alignment with Conditional Random Fields},
 booktitle = {Proceedings of the 21st International Conference on Computational Linguistics and the 44th Annual Meeting of the Association for Computational Linguistics},
 series = {ACL-44},
 year = {2006},
 location = {Sydney, Australia},
 pages = {65--72},
 numpages = {8},
 url = {http://dx.doi.org/10.3115/1220175.1220184},
 doi = {10.3115/1220175.1220184},
 acmid = {1220184},
 publisher = {Association for Computational Linguistics},
 address = {Stroudsburg, PA, USA},
} 

@inproceedings{Taskar2005,
 author = {Taskar, Ben and Lacoste-Julien, Simon and Klein, Dan},
 title = {A Discriminative Matching Approach to Word Alignment},
 booktitle = {Proceedings of the Conference on Human Language Technology and Empirical Methods in Natural Language Processing},
 series = {HLT '05},
 year = {2005},
 location = {Vancouver, British Columbia, Canada},
 pages = {73--80},
 numpages = {8},
 url = {http://dx.doi.org/10.3115/1220575.1220585},
 doi = {10.3115/1220575.1220585},
 acmid = {1220585},
 publisher = {Association for Computational Linguistics},
 address = {Stroudsburg, PA, USA},
} 

@InProceedings{Moore2006,
author = {Moore, Robert C. and Yih, Wen-tau and Bode, Andreas},
title = {Improved Discriminative Bilingual Word Alignment},
booktitle = {Proceedings of the 21st International Conference on Computational Linguistics and 44th Annual Meeting of the Association for Computational Linguistics},
month = {July},
address = {Sydney, Australia},
publisher = {Association for Computational Linguistics},
pages = {513--520},
url = {http://www.aclweb.org/anthology/P/P06/P06-1065},
year = 2006
}

@InProceedings{Cherry2006,
author = {Cherry, Colin and Lin, Dekang},
title = {Soft Syntactic Constraints for Word Alignment through Discriminative Training},
booktitle = {Proceedings of the COLING/ACL 2006 Main Conference Poster Sessions},
month = {July},
address = {Sydney, Australia},
publisher = {Association for Computational Linguistics},
pages = {105--112},
url = {http://www.aclweb.org/anthology/P/P06/P06-2014},
year = 2006
}

@InProceedings{Ayan2005,
author = {Ayan, Necip Fazil and Dorr, Bonnie J. and Monz, Christof},
title = {{NeurAlign}: Combining Word Alignments Using Neural Networks},
booktitle = {Proceedings of Human Language Technology Conference and Conference on Empirical Methods in Natural Language Processing},
month = {October},
address = {Vancouver, British Columbia, Canada},
publisher = {Association for Computational Linguistics},
pages = {65--72},
url = {http://www.aclweb.org/anthology/H/H05/H05-1009},
year = 2005
}

@ARTICLE{Deerwester1990,
    author = {Scott Deerwester and Susan T. Dumais and George W. Furnas and Thomas K. Landauer and Richard Harshman},
    title = {Indexing by latent semantic analysis},
    journal = {JOURNAL OF THE AMERICAN SOCIETY FOR INFORMATION SCIENCE},
    year = {1990},
    volume = {41},
    number = {6},
    pages = {391--407}
}

@inproceedings{Dhillon2011,
  title = {Multi-View Learning of Word Embeddings via CCA},
  author = {Paramveer S. Dhillon and Dean Foster and Lyle Ungar},
  booktitle = {Advances in Neural Information Processing Systems (NIPS)},
  volume={24},
  year = {2011}
}

@article{Brown1992,
 author = {Brown, Peter F. and deSouza, Peter V. and Mercer, Robert L. and Pietra, Vincent J. Della and Lai, Jenifer C.},
 title = {Class-based N-gram Models of Natural Language},
 journal = {Comput. Linguist.},
 issue_date = {December 1992},
 volume = {18},
 number = {4},
 month = dec,
 year = {1992},
 issn = {0891-2017},
 pages = {467--479},
 numpages = {13},
 url = {http://dl.acm.org/citation.cfm?id=176313.176316},
 acmid = {176316},
 publisher = {MIT Press},
 address = {Cambridge, MA, USA},
} 

@article{Brown1993,
	title={The mathematics of statistical machine translation: Parameter estimation},
	author={Brown, Peter F and Pietra, Vincent J Della and Pietra, Stephen A Della and Mercer, Robert L},
	journal={Computational linguistics},
	volume={19},
	number={2},
	pages={263--311},
	year={1993},
	publisher={MIT Press}
}


@inproceedings{Pereira1993,
   author = {Fernando Pereira and Naftali Tishby and Lillian Lee},
   title = {Distributional Clustering Of {English} Words},
   year = {1993},
   pages = {183--190},
   booktitle = {Proceedings of the ACL}
}

@inproceedings{Huang2009,
 author = {Huang, Fei and Yates, Alexander},
 title = {Distributional Representations for Handling Sparsity in Supervised Sequence-labeling},
 booktitle = {Proceedings of the Joint Conference of the 47th Annual Meeting of the ACL and the 4th International Joint Conference on Natural Language Processing of the AFNLP: Volume 1 - Volume 1},
 series = {ACL '09},
 year = {2009},
 isbn = {978-1-932432-45-9},
 location = {Suntec, Singapore},
 pages = {495--503},
 numpages = {9},
 url = {http://dl.acm.org/citation.cfm?id=1687878.1687948},
 acmid = {1687948},
 publisher = {Association for Computational Linguistics},
 address = {Stroudsburg, PA, USA},
} 

@inproceedings{Faruqui2014,
  title={Improving vector space word representations using multilingual correlation},
  author={Faruqui, Manaal and Dyer, Chris},
  booktitle={Proceedings of EACL},
  volume={2014},
  year={2014}
}

@inproceedings{Collobert2008,
 author = {Collobert, Ronan and Weston, Jason},
 title = {A Unified Architecture for Natural Language Processing: Deep Neural Networks with Multitask Learning},
 booktitle = {Proceedings of the 25th International Conference on Machine Learning},
 series = {ICML '08},
 year = {2008},
 isbn = {978-1-60558-205-4},
 location = {Helsinki, Finland},
 pages = {160--167},
 numpages = {8},
 url = {http://doi.acm.org/10.1145/1390156.1390177},
 doi = {10.1145/1390156.1390177},
 acmid = {1390177},
 publisher = {ACM},
 address = {New York, NY, USA},
} 

@article{Mikolov2013a,
  author    = {Tomas Mikolov and
               Kai Chen and
               Greg Corrado and
               Jeffrey Dean},
  title     = {Efficient Estimation of Word Representations in Vector Space},
  journal   = {CoRR},
  volume    = {abs/1301.3781},
  year      = {2013},
  url       = {http://arxiv.org/abs/1301.3781},
  timestamp = {Thu, 07 May 2015 20:02:01 +0200},
  biburl    = {http://dblp.uni-trier.de/rec/bib/journals/corr/abs-1301-3781},
  bibsource = {dblp computer science bibliography, http://dblp.org}
}

@incollection{Mikolov2013b,
title = {Distributed Representations of Words and Phrases and their Compositionality},
author = {Mikolov, Tomas and Sutskever, Ilya and Chen, Kai and Corrado, Greg S and Dean, Jeff},
booktitle = {Advances in Neural Information Processing Systems 26},
editor = {C.J.C. Burges and L. Bottou and M. Welling and Z. Ghahramani and K.Q. Weinberger},
pages = {3111--3119},
year = {2013},
publisher = {Curran Associates, Inc.},
url = {http://papers.nips.cc/paper/5021-distributed-representations-of-words-and-phrases-and-their-compositionality.pdf}
}


@article{Mikolov2013c,
  author    = {Tomas Mikolov and
               Quoc V. Le and
               Ilya Sutskever},
  title     = {Exploiting Similarities among Languages for Machine Translation},
  journal   = {CoRR},
  volume    = {abs/1309.4168},
  year      = {2013},
  url       = {http://arxiv.org/abs/1309.4168},
  timestamp = {Wed, 16 Oct 2013 16:43:12 +0200},
  biburl    = {http://dblp.uni-trier.de/rec/bib/journals/corr/MikolovLS13},
  bibsource = {dblp computer science bibliography, http://dblp.org}
}

@article{BoydGraber2012,
  author    = {Jordan L. Boyd{-}Graber and
               David M. Blei},
  title     = {Multilingual Topic Models for Unaligned Text},
  journal   = {CoRR},
  volume    = {abs/1205.2657},
  year      = {2012},
  url       = {http://arxiv.org/abs/1205.2657},
  timestamp = {Wed, 10 Oct 2012 21:28:51 +0200},
  biburl    = {http://dblp.uni-trier.de/rec/bib/journals/corr/abs-1205-2657},
  bibsource = {dblp computer science bibliography, http://dblp.org}
}

@INPROCEEDINGS{Zhao2006,
    author = {Bing Zhao and Eric P. Xing},
    title = {Bitam: Bilingual topic admixture models for word alignment},
    booktitle = {In Proceedings of the 44th Annual Meeting of the Association for Computational Linguistics (ACL’06},
    year = {2006}
}

@article{Harris1954,
  title={Distributional structure.},
  author={Harris, Zellig S},
  journal={Word},
  year={1954}
}

@incollection{Chandar2014,
title = {An Autoencoder Approach to Learning Bilingual Word Representations},
author = {Chandar A P, Sarath and Lauly, Stanislas and Larochelle, Hugo and Khapra, Mitesh and Ravindran, Balaraman and Raykar, Vikas C and Saha, Amrita},
booktitle = {Advances in Neural Information Processing Systems 27},
editor = {Z. Ghahramani and M. Welling and C. Cortes and N.D. Lawrence and K.Q. Weinberger},
pages = {1853--1861},
year = {2014},
publisher = {Curran Associates, Inc.},
url = {http://papers.nips.cc/paper/5270-an-autoencoder-approach-to-learning-bilingual-word-representations.pdf}
}

@inproceedings{Huang2012,
 author = {Huang, Eric H. and Socher, Richard and Manning, Christopher D. and Ng, Andrew Y.},
 title = {Improving Word Representations via Global Context and Multiple Word Prototypes},
 booktitle = {Proceedings of the 50th Annual Meeting of the Association for Computational Linguistics: Long Papers - Volume 1},
 series = {ACL '12},
 year = {2012},
 location = {Jeju Island, Korea},
 pages = {873--882},
 numpages = {10},
 url = {http://dl.acm.org/citation.cfm?id=2390524.2390645},
 acmid = {2390645},
 publisher = {Association for Computational Linguistics},
 address = {Stroudsburg, PA, USA},
} 

@article{Good1953,
	title={The population frequencies of species and the estimation of population parameters},
	author={Good, Irving J},
	journal={Biometrika},
	volume={40},
	number={3-4},
	pages={237--264},
	year={1953},
	publisher={Biometrika Trust}
}

@INPROCEEDINGS{KneserNey1995,
	author={R. Kneser and H. Ney},
	booktitle={Acoustics, Speech, and Signal Processing, 1995. ICASSP-95., 1995 International Conference on},
	title={Improved backing-off for M-gram language modeling},
	year={1995},
	volume={1},
	pages={181-184 vol.1},
	keywords={grammars;natural languages;probability;speech processing;speech recognition;statistical analysis;stochastic processes;backing-off;distributions;experiments;perplexity;sparse data problem;stochastic language modeling;word error rate;Error analysis;History;Interpolation;Laboratories;Natural languages;Probability distribution;Smoothing methods;Stochastic processes;Training data},
	doi={10.1109/ICASSP.1995.479394},
	ISSN={1520-6149},
	month={May},}

@ARTICLE{WittenBell1991,
	author={I. H. Witten and T. C. Bell},
	journal={IEEE Transactions on Information Theory},
	title={The zero-frequency problem: estimating the probabilities of novel events in adaptive text compression},
	year={1991},
	volume={37},
	number={4},
	pages={1085-1094},
	keywords={data compression;encoding;probability;Poisson process model;adaptive text compression;novel events;statistical coding scheme;zero-frequency problem;Arithmetic;Computer errors;Computer science;Context modeling;Councils;Data compression;Decoding;Drives;Encoding;Probability},
	doi={10.1109/18.87000},
	ISSN={0018-9448},
	month={Jul},}

@article{Knight1999,
	title={Decoding complexity in word-replacement translation models},
	author={Knight, Kevin},
	journal={Computational Linguistics},
	volume={25},
	number={4},
	pages={607--615},
	year={1999},
	publisher={MIT Press}
}


@inproceedings{Och2001,
	title={An efficient A* search algorithm for statistical machine translation},
	author={Och, Franz Josef and Ueffing, Nicola and Ney, Hermann},
	booktitle={Proceedings of the workshop on Data-driven methods in machine translation-Volume 14},
	pages={1--8},
	year={2001},
	organization={Association for Computational Linguistics}
}

@inproceedings{Koehn2007Moses,
	title={Moses: Open source toolkit for statistical machine translation},
	author={Koehn, Philipp and Hoang, Hieu and Birch, Alexandra and Callison-Burch, Chris and Federico, Marcello and Bertoldi, Nicola and Cowan, Brooke and Shen, Wade and Moran, Christine and Zens, Richard and others},
	booktitle={Proceedings of the 45th annual meeting of the ACL on interactive poster and demonstration sessions},
	pages={177--180},
	year={2007},
	organization={Association for Computational Linguistics}
}

@incollection{Koehn2004Pharaoh,
	title={Pharaoh: a beam search decoder for phrase-based statistical machine translation models},
	author={Koehn, Philipp},
	booktitle={Machine translation: From real users to research},
	pages={115--124},
	year={2004},
	publisher={Springer}
}

@inproceedings{Papineni2002,
	title={BLEU: a method for automatic evaluation of machine translation},
	author={Papineni, Kishore and Roukos, Salim and Ward, Todd and Zhu, Wei-Jing},
	booktitle={Proceedings of the 40th annual meeting on association for computational linguistics},
	pages={311--318},
	year={2002},
	organization={Association for Computational Linguistics}
}

@inproceedings{Macherey2008,
	title={Lattice-based minimum error rate training for statistical machine translation},
	author={Macherey, Wolfgang and Och, Franz Josef and Thayer, Ignacio and Uszkoreit, Jakob},
	booktitle={Proceedings of the Conference on Empirical Methods in Natural Language Processing},
	pages={725--734},
	year={2008},
	organization={Association for Computational Linguistics}
}

@inproceedings{Hopkins2011,
	title={Tuning as ranking},
	author={Hopkins, Mark and May, Jonathan},
	booktitle={Proceedings of the Conference on Empirical Methods in Natural Language Processing},
	pages={1352--1362},
	year={2011},
	organization={Association for Computational Linguistics}
}

@inproceedings{Cherry2012,
	title={Batch tuning strategies for statistical machine translation},
	author={Cherry, Colin and Foster, George},
	booktitle={Proceedings of the 2012 Conference of the North American Chapter of the Association for Computational Linguistics: Human Language Technologies},
	pages={427--436},
	year={2012},
	organization={Association for Computational Linguistics}
}

@article{Chiang2012,
	title={Hope and fear for discriminative training of statistical translation models},
	author={Chiang, David},
	journal={The Journal of Machine Learning Research},
	volume={13},
	number={1},
	pages={1159--1187},
	year={2012},
	publisher={JMLR. org}
}

@article{Stewart2014,
	title={Coarse “split and lump” bilingual language models for richer source information in SMT},
	author={Stewart, Darlene and Kuhn, Roland and Joanis, Eric and Foster, George},
	year={2014}
}

@inproceedings{Niehues2011,
	title={Wider context by using bilingual language models in machine translation},
	author={Niehues, Jan and Herrmann, Teresa and Vogel, Stephan and Waibel, Alex},
	booktitle={Proceedings of the Sixth Workshop on Statistical Machine Translation},
	pages={198--206},
	year={2011},
	organization={Association for Computational Linguistics}
}

@article{Och1995,
	title={Maximum-likelihood-sch{\"a}tzung von wortkategorien mit verfahren der kombinatorischen optimierung},
	author={Och, Franz J},
	journal={Studienarbeit, Friedrich-Alexander-Universit{\"a}t, Erlangen-N{\"u}rnberg, Germany},
	year={1995}
}

@article{Stratos2014,
	title={A spectral algorithm for learning class-based n-gram models of natural language},
	author={Stratos, Karl and Kim, Do-kyum and Collins, Michael and Hsu, Daniel},
	journal={Proceedings of the Association for Uncertainty in Artificial Intelligence},
	year={2014}
}

@InProceedings{Ammar2013,
	author    = {Ammar, Waleed  and  Chahuneau, Victor  and  Denkowski, Michael  and  Hanneman, Greg  and  Ling, Wang  and  Matthews, Austin  and  Murray, Kenton  and  Segall, Nicola  and  Lavie, Alon  and  Dyer, Chris},
	title     = {The {CMU} Machine Translation Systems at {WMT} 2013: Syntax, Synthetic Translation Options, and Pseudo-References},
	booktitle = {Proceedings of the Eighth Workshop on Statistical Machine Translation},
	month     = {August},
	year      = {2013},
	address   = {Sofia, Bulgaria},
	publisher = {Association for Computational Linguistics},
	pages     = {70--77},
	url       = {http://www.aclweb.org/anthology/W13-2205}
}

@InProceedings{Bisazza2014,
	author    = {Bisazza, Arianna  and  Monz, Christof},
	title     = {Class-Based Language Modeling for Translating into Morphologically Rich Languages},
	booktitle = {Proceedings of COLING 2014, the 25th International Conference on Computational Linguistics: Technical Papers},
	month     = {August},
	year      = {2014},
	address   = {Dublin, Ireland},
	publisher = {Dublin City University and Association for Computational Linguistics},
	pages     = {1918--1927},
	url       = {http://www.aclweb.org/anthology/C14-1181}
}

@inproceedings{Srilm,
	title={SRILM at sixteen: Update and outlook},
	author={Stolcke, Andreas and Zheng, Jing and Wang, Wen and Abrash, Victor},
	booktitle={Proceedings of IEEE Automatic Speech Recognition and Understanding Workshop},
	pages={5},
	year={2011}
}

@inproceedings{Blunsom2011,
	author = {Blunsom, Phil and Cohn, Trevor},
	title = {A Hierarchical Pitman-Yor Process HMM for Unsupervised Part of Speech Induction},
	booktitle = {Proceedings of the 49th Annual Meeting of the Association for Computational Linguistics: Human Language Technologies - Volume 1},
	series = {HLT '11},
	year = {2011},
	isbn = {978-1-932432-87-9},
	location = {Portland, Oregon},
	pages = {865--874},
	numpages = {10},
	url = {http://dl.acm.org/citation.cfm?id=2002472.2002582},
	acmid = {2002582},
	publisher = {Association for Computational Linguistics},
	address = {Stroudsburg, PA, USA},
} 

@InProceedings{Kirkpatrick2010,
	author    = {Berg-Kirkpatrick, Taylor  and  Bouchard-C\^{o}t\'{e}, Alexandre  and  DeNero, John  and  Klein, Dan},
	title     = {Painless Unsupervised Learning with Features},
	booktitle = {Human Language Technologies: The 2010 Annual Conference of the North American Chapter of the Association for Computational Linguistics},
	month     = {June},
	year      = {2010},
	address   = {Los Angeles, California},
	publisher = {Association for Computational Linguistics},
	pages     = {582--590},
	url       = {http://www.aclweb.org/anthology/N10-1083}
}

@article{Casacuberta2004,
	title={Machine translation with inferred stochastic finite-state transducers},
	author={Casacuberta, Francisco and Vidal, Enrique},
	journal={Computational Linguistics},
	volume={30},
	number={2},
	pages={205--225},
	year={2004},
	publisher={MIT Press}
}

@article{Marino2006,
	title={N-gram-based machine translation},
	author={Marino, Jos{\'e} B and Banchs, Rafael E and Crego, Josep M and de Gispert, Adria and Lambert, Patrik and Fonollosa, Jos{\'e} AR and Costa-Juss{\`a}, Marta R},
	journal={Computational Linguistics},
	volume={32},
	number={4},
	pages={527--549},
	year={2006},
	publisher={MIT Press}
}

@article{Crego2010,
	title={Factored bilingual n-gram language models for statistical machine translation},
	author={Crego, Josep M and Yvon, Fran{\c{c}}ois},
	journal={Machine Translation},
	volume={24},
	number={2},
	pages={159--175},
	year={2010},
	publisher={Springer}
}

@inproceedings{Zhang2013,
	title={Beyond Left-to-Right: Multiple Decomposition Structures for SMT.},
	author={Zhang, Hui and Toutanova, Kristina and Quirk, Chris and Gao, Jianfeng},
	booktitle={HLT-NAACL},
	pages={12--21},
	year={2013}
}

@inproceedings{Allauzen2010,
	author = {Allauzen, Alexandre and Crego, Josep M. and El-Kahlout, \.{I}lknur Durgar and Yvon, Fran\c{c}ois},
	title = {LIMSI's Statistical Translation Systems for WMT'10},
	booktitle = {Proceedings of the Joint Fifth Workshop on Statistical Machine Translation and MetricsMATR},
	series = {WMT '10},
	year = {2010},
	isbn = {978-1-932432-71-8},
	location = {Uppsala, Sweden},
	pages = {54--59},
	numpages = {6},
	url = {http://dl.acm.org/citation.cfm?id=1868850.1868854},
	acmid = {1868854},
	publisher = {Association for Computational Linguistics},
	address = {Stroudsburg, PA, USA},
} 

@inproceedings{Zhao2005,
	author = {Zhao, Bing and Xing, Eric P. and Waibel, Alex},
	title = {Bilingual Word Spectral Clustering for Statistical Machine Translation},
	booktitle = {Proceedings of the ACL Workshop on Building and Using Parallel Texts},
	series = {ParaText '05},
	year = {2005},
	location = {Ann Arbor, Michigan},
	pages = {25--32},
	numpages = {8},
	url = {http://dl.acm.org/citation.cfm?id=1654449.1654454},
	acmid = {1654454},
	publisher = {Association for Computational Linguistics},
	address = {Stroudsburg, PA, USA},
}

@article{Och2003,
	author = {Och, Franz Josef and Ney, Hermann},
	title = {A Systematic Comparison of Various Statistical Alignment Models},
	journal = {Comput. Linguist.},
	issue_date = {March 2003},
	volume = {29},
	number = {1},
	month = mar,
	year = {2003},
	issn = {0891-2017},
	pages = {19--51},
	numpages = {33},
	url = {http://dx.doi.org/10.1162/089120103321337421},
	doi = {10.1162/089120103321337421},
	acmid = {778824},
	publisher = {MIT Press},
	address = {Cambridge, MA, USA},
}  

@inproceedings{Durrani2011,
	author = {Durrani, Nadir and Schmid, Helmut and Fraser, Alexander},
	title = {A Joint Sequence Translation Model with Integrated Reordering},
	booktitle = {Proceedings of the 49th Annual Meeting of the Association for Computational Linguistics: Human Language Technologies - Volume 1},
	series = {HLT '11},
	year = {2011},
	isbn = {978-1-932432-87-9},
	location = {Portland, Oregon},
	pages = {1045--1054},
	numpages = {10},
	url = {http://dl.acm.org/citation.cfm?id=2002472.2002604},
	acmid = {2002604},
	publisher = {Association for Computational Linguistics},
	address = {Stroudsburg, PA, USA},
} 

@inproceedings{Durrani2014,
	title={Investigating the Usefulness of Generalized Word Representations in SMT.},
	author={Durrani, Nadir and Koehn, Philipp and Schmid, Helmut and Fraser, Alexander M},
	booktitle={COLING},
	pages={421--432},
	year={2014}
}

@inproceedings{Hasan2008,
	author = {Hasan, Sa\v{s}a and Ganitkevitch, Juri and Ney, Hermann and Andr{\'e}s-Ferrer, Jes\'{u}s},
	title = {Triplet Lexicon Models for Statistical Machine Translation},
	booktitle = {Proceedings of the Conference on Empirical Methods in Natural Language Processing},
	series = {EMNLP '08},
	year = {2008},
	location = {Honolulu, Hawaii},
	pages = {372--381},
	numpages = {10},
	url = {http://dl.acm.org/citation.cfm?id=1613715.1613764},
	acmid = {1613764},
	publisher = {Association for Computational Linguistics},
	address = {Stroudsburg, PA, USA},
} 

@inproceedings{Feng2014,
	title={Factored Markov Translation with Robust Modeling.},
	author={Feng, Yang and Cohn, Trevor and Du, Xinkai},
	booktitle={CoNLL},
	pages={151--159},
	year={2014}
}

@article{tSNE,
	title={Visualizing data using t-SNE},
	author={Van der Maaten, Laurens and Hinton, Geoffrey},
	journal={Journal of Machine Learning Research},
	volume={9},
	number={2579-2605},
	pages={85},
	year={2008}
}

@inproceedings{POS,
	title={Feature-rich part-of-speech tagging with a cyclic dependency network},
	author={Toutanova, Kristina and Klein, Dan and Manning, Christopher D and Singer, Yoram},
	booktitle={Proceedings of the 2003 Conference of the North American Chapter of the Association for Computational Linguistics on Human Language Technology-Volume 1},
	pages={173--180},
	year={2003},
	organization={Association for Computational Linguistics}
}

@inproceedings{KenLM,
	author = {Kenneth Heafield and Ivan Pouzyrevsky and Jonathan H. Clark and Philipp Koehn},
	title = {Scalable Modified {Kneser-Ney} Language Model Estimation},
	year = {2013},
	month = {August},
	booktitle = {Proceedings of the 51st Annual Meeting of the Association for Computational Linguistics},
	address = {Sofia, Bulgaria},
	pages = {690--696},
	url = {http://kheafield.com/professional/edinburgh/estimate\_paper.pdf},
}

@inproceedings{multeval,
	title={Better hypothesis testing for statistical machine translation: Controlling for optimizer instability},
	author={Clark, Jonathan H and Dyer, Chris and Lavie, Alon and Smith, Noah A},
	booktitle={Proceedings of the 49th Annual Meeting of the Association for Computational Linguistics: Human Language Technologies: short papers-Volume 2},
	pages={176--181},
	year={2011},
	organization={Association for Computational Linguistics}
}

@article{Hornik2012,
	title={Spherical k-means clustering},
	author={Hornik, Kurt and Feinerer, Ingo and Kober, Martin and Buchta, Christian},
	journal={Journal of Statistical Software},
	volume={50},
	number={10},
	pages={1--22},
	year={2012}
}


